<record><leader>00000cas a22000007a 4500</leader><controlfield tag="001">11125681</controlfield><controlfield tag="008">840906d18321873nhuwr ne      0    0eng d</controlfield><controlfield tag="009">330</controlfield><datafield ind1=" " ind2=" " tag="010"><subfield code="a">sn 84037920 </subfield></datafield><datafield ind1=" " ind2=" " tag="040"><subfield code="a">AQM</subfield><subfield code="b">eng</subfield><subfield code="c">AQM</subfield><subfield code="d">OCLCG</subfield><subfield code="d">DLC</subfield><subfield code="d">IUL</subfield><subfield code="d">OCLCF</subfield></datafield><datafield ind1="1" ind2=" " tag="029"><subfield code="a">AU@</subfield><subfield code="b">000025816778</subfield></datafield><datafield ind1=" " ind2=" " tag="042"><subfield code="a">msc</subfield></datafield><datafield ind1=" " ind2=" " tag="043"><subfield code="a">n-us-nh</subfield></datafield><datafield ind1="0" ind2="0" tag="050"><subfield code="a">Newspaper</subfield></datafield><datafield ind1="0" ind2="0" tag="245"><subfield code="a">New-Hampshire telegraph.</subfield></datafield><datafield ind1="2" ind2=" " tag="246"><subfield code="a">New Hampshire telegraph</subfield></datafield><datafield ind1=" " ind2=" " tag="260"><subfield code="a">Dunstable [i.e., Nashua], N.H. :</subfield><subfield code="b">Alfred Beard,</subfield><subfield code="c">1832-</subfield></datafield><datafield ind1=" " ind2=" " tag="300"><subfield code="a">v. :</subfield><subfield code="b">ill. (chiefly advertisements) ;</subfield><subfield code="c">56-65 cm.</subfield></datafield><datafield ind1=" " ind2=" " tag="310"><subfield code="a">Weekly</subfield></datafield><datafield ind1="0" ind2=" " tag="362"><subfield code="a">Vol. 1, no. 1 (Oct. 20, 1832)-</subfield></datafield><datafield ind1="1" ind2=" " tag="362"><subfield code="a">Ceased with Sept. 13, 1873 issue.</subfield><subfield code="z">Cf. Amer. newspapers, 1821-1936.</subfield></datafield><datafield ind1=" " ind2=" " tag="500"><subfield code="a">Published every Saturday.</subfield></datafield><datafield ind1=" " ind2=" " tag="500"><subfield code="a">Editors: Alfred Beard, Albin Beard, &lt;1837-1838&gt;; Albin Beard, &lt;1842&gt;-1862; O.C. Moore, &lt;1867&gt;.</subfield></datafield><datafield ind1=" " ind2=" " tag="500"><subfield code="a">Publishers: Alfred Beard, Albin Beard, &lt;1837-1838&gt;; Albin Beard, &lt;1842&gt;-1862; family of Albin Beard, &lt;1863&gt;; Alfred Beard, &lt;1864&gt;-1865; Dearborn &amp; Berry, &lt;1866&gt;; Moore &amp; Berry, &lt;1867&gt;.</subfield></datafield><datafield ind1=" " ind2=" " tag="500"><subfield code="a">Published: Nashua, N.H., &lt;Apr. 18, 1868-&gt;</subfield></datafield><datafield ind1=" " ind2=" " tag="530"><subfield code="a">Also issued on microfilm by Graphic Microfilm of New England.</subfield></datafield><datafield ind1=" " ind2="0" tag="651"><subfield code="a">Nashua (N.H.)</subfield><subfield code="v">Newspapers.</subfield></datafield><datafield ind1=" " ind2="0" tag="651"><subfield code="a">Hillsborough County (N.H.)</subfield><subfield code="v">Newspapers.</subfield></datafield><datafield ind1=" " ind2="7" tag="655"><subfield code="a">Newspapers.</subfield><subfield code="2">rbgenr</subfield></datafield><datafield ind1=" " ind2="7" tag="655"><subfield code="a">Newspapers.</subfield><subfield code="2">fast</subfield><subfield code="0">(OCoLC)fst01423814</subfield></datafield><datafield ind1=" " ind2="7" tag="651"><subfield code="a">New Hampshire</subfield><subfield code="z">Hillsborough County.</subfield><subfield code="2">fast</subfield><subfield code="0">(OCoLC)fst01212003</subfield></datafield><datafield ind1=" " ind2="7" tag="651"><subfield code="a">New Hampshire</subfield><subfield code="z">Nashua.</subfield><subfield code="2">fast</subfield><subfield code="0">(OCoLC)fst01209007</subfield></datafield><datafield ind1="1" ind2=" " tag="700"><subfield code="a">Moore, O. C.</subfield><subfield code="q">(Orren C.),</subfield><subfield code="d">1839-1893.</subfield></datafield><datafield ind1="1" ind2=" " tag="700"><subfield code="a">Beard, Albin,</subfield><subfield code="d">1808-1862.</subfield></datafield><datafield ind1="1" ind2=" " tag="700"><subfield code="a">Beard, Alfred,</subfield><subfield code="d">1808-1839.</subfield></datafield><datafield ind1=" " ind2=" " tag="752"><subfield code="a">United States</subfield><subfield code="b">New Hampshire</subfield><subfield code="c">Hillsboro</subfield><subfield code="d">Dunstable.</subfield></datafield><datafield ind1=" " ind2=" " tag="752"><subfield code="a">United States</subfield><subfield code="b">New Hampshire</subfield><subfield code="c">Hillsboro</subfield><subfield code="d">Nashua.</subfield></datafield><datafield ind1=" " ind2=" " tag="752"><subfield code="a">United States</subfield><subfield code="b">New Hampshire</subfield><subfield code="c">Hillsborough</subfield><subfield code="d">Nashua.</subfield></datafield><datafield ind1="0" ind2="0" tag="785"><subfield code="t">New Hampshire weekly telegraph</subfield><subfield code="w">(DLC)sn 84037921</subfield><subfield code="w">(OCoLC)11125175</subfield></datafield></record>